2454 4244
98 306 140 372 ss
199 381 202 387 ἱ
351 293 782 375 nocturnos

93 466 159 523 MS.
182 465 253 518 Rav.
273 459 391 515 edidisse
417 458 529 512 ridetur
560 459 745 515 Invernizius.
778 457 865 518 Ἷατα
888 484 917 518 αι
946 479 1016 517 vern

93 535 198 590 Atticis
229 532 335 605 opinor
365 546 487 602 prorsus
512 527 596 584 luisse
626 532 817 603 incognitum.
887 550 1016 604 unquam

95 625 164 661 sane
177 601 305 656 occurrit
322 599 353 651 in
371 599 530 671 praesenti,
556 599 707 672 aliquoties
725 602 755 653 in
773 601 950 673 imperfecto,
969 602 1016 655 sed

95 675 147 728 ubi
164 674 259 744 aptius
276 688 322 722 res
345 669 464 722 onderet
490 668 627 731 aoristus,
652 681 686 722 nt
708 669 771 741 lph.
796 674 832 724 Α.
853 672 928 736 1617.
946 669 1015 740 α’φί-

66 745 68 749 ’
93 765 194 800 πτατα.
228 686 342 809 Ρο1γίι11
364 737 468 809 fragm.
494 739 573 805 apud
597 738 783 794 Valckenaer.
808 740 931 794 Diatrib.
949 760 1017 812 pag.

93 832 156 867 201.
174 809 224 863 uhi
248 809 378 880 primum
402 818 443 860 est
468 808 586 872 ἵπτατο,
615 827 682 860 mox
700 811 812 864 ἔπτατο.
842 809 877 861 10
900 809 962 881 lph.
981 815 1018 863 A.

94 889 157 937 801.
175 877 212 935 eis
229 880 305 946 ἕιαχε
322 875 396 944 Λήὃ’
422 872 515 948 ὄρνιθ’
536 875 694 947 inceptem,
720 877 818 932 literas
840 877 915 932 male
940 878 1016 931 diri-
1062 892 1066 898 ‘

96 969 141 1007 sas
158 947 231 1002 sidit
247 944 448 1000 Marklandus.
495 940 586 1016 Lege,
610 944 647 1003 αἶς
670 951 764 1002 {west
787 946 872 1016 Λήδα
895 948 1018 1018 papeia&

97 1021 197 1091 ὄρνιθι
212 1023 354 1086 πταμένῳ.
389 1014 485 1085 Quam
504 1014 584 1067 facile
602 970 785 1071 0001011000
805 1027 1018 1088 permutentur,

100 1084 237 1158 exemplis
254 1084 373 1158 patebit.
408 1084 493 1136 Recte
511 1084 606 1136 editur
626 1085 732 1139 Electr.
750 1089 810 1156 919.
830 1083 957 1150 ἐξέπτατ’
974 1090 1018 1141 oi'-

98 1179 175 1222 αων,
194 1155 242 1209 sed
262 1155 363 1207 Sextus
378 1153 544 1224 Empiricos
561 1154 625 1208 adv.
643 1154 782 1210 Mathem.
807 1154 854 1208 Xl.
873 1159 916 1209 54.
934 1154 1020 1208 habet

100 1222 225 1292 ἓξίπτατ’
248 1227 340 1277 οἴκων.
382 1222 489 1275 Confer
512 1225 569 1275 Av.
593 1225 637 1278 55.
661 1243 728 1278 cum
753 1224 832 1276 Suid.
853 1244 880 1276 v.
904 1222 1020 1293 α’μςιοῖν.

99 1295 218 1367 Optime
236 1293 312 1345 dedit
329 1290 505 1346 διαπτάσθαι
521 1292 677 1361 Kusterus,
694 1293 741 1346 001
759 1294 898 1346 accedunt
915 1288 1020 1347 Irasca-

100 1365 142 1417 ris
161 1373 188 1415 ct
204 1360 369 1429 Eustathius
387 1360 423 1414 ad
440 1360 474 1416 ll.
491 1366 524 1417 Δ.
541 1380 571 1433 p.
590 1364 641 1414 452
651 1403 658 1427 ,
676 1366 836 1429 55:544,
851 1366 893 1416 25.
911 1367 944 1418 E.
960 1367 1021 1428 526,

99 1434 264 1501 ult-2399,
282 1436 308 1482 (ι.
330 1428 385 1482 Od.
403 1433 440 1485 Α.
461 1434 537 1502 1419,
552 1435 699 1499 49:59,
722 1435 766 1485 58.
784 1431 922 1485 Similiter
937 1450 1022 1485 erra-

100 1503 174 1557 bant
194 1498 459 1553 Grammaticorum
489 1511 619 1553 veterum
641 1501 791 1566 nonnulli,
823 1520 889 1553 cum
913 1499 1024 1569 φάσθαι

102 1570 182 1643 apud
210 1571 373 1634 Homerum
401 1576 660 1639 προπεριαπαστὲαν
689 1570 899 1623 contendebant
912 1572 947 1638 tJ.
988 1570 1023 1621 In

102 1638 256 1722 Sophoclei
273 1636 413 1708 Thyestae
432 1657 518 1692 versu
535 1639 613 1711 apud
632 1638 728 1693 Schol.
747 1640 781 1692 ad
801 1639 947 1694 Phoeniss.
962 1641 1022 1694 255.

101 1710 211 1780 ubique
236 1707 329 1760 editur
356 1703 558 1779 κανακιρνᾶται
583 1709 718 1762 mendose
735 1727 791 1781 pro
815 1706 1024 1776 edvam'pvawc.

101 1780 175 1833 Ecce
198 1787 298 1830 notam
321 1776 394 1828 benc
415 1776 534 1849 longam
556 1777 591 1831 de
616 1797 663 1845 re,
688 1780 711 1833 si
729 1781 794 1831 ruis
811 1779 851 1832 ita
868 1777 944 1842 velit,
962 1776 1024 1831 000

103 1847 203 1919 magni
227 1845 376 1900 momenti.
416 1847 459 1900 Ac
489 1856 622 1918 'poteram
652 1858 680 1901 et
705 1801 802 1901 lalori
831 1852 969 1920 parcere,
998 1855 1027 1899 et

102 1917 192 1990 quieti
209 1935 287 1969 meae
305 1916 424 1967 fortasse
446 1917 595 1970 consulere
612 1927 703 1972 totam
724 1917 890 1972 omittendo.
935 1915 1026 1968 Video

0 1973 77 2052 'M
103 1988 214 2040 enima
239 1981 403 2047 nonnullis,
427 1986 544 2053 optimis
568 1986 685 2054 quidem
709 1987 783 2055 illis,
815 1987 863 2039 sed
876 2004 938 2055 ‘nec
960 1987 1028 2038 satis

67 2041 76 2080 ¹
103 2054 222 2109 eruditis
249 2061 276 2103 et
299 2049 399 2122 paullo
424 2049 665 2104 ‘iracundioribus
690 2056 760 2107 viris
784 2073 900 2108 omnem
925 2070 1029 2107 aecen-

104 2136 189 2177 tuum
206 2120 350 2173 rationem
368 2117 514 2188 despicatu
538 2117 648 2171 haberi.
689 2121 799 2173 Verum
821 2124 842 2172 ii
859 2130 940 2188 sunt,
958 2123 1027 2192 opi-

103 2208 175 2256 nor,
195 2199 285 2243 aetate
301 2190 360 2258 jam
376 2187 588 2259 provectiores,
611 2205 701 2258 quam
725 2198 758 2241 ut
782 2207 861 2241 ame
879 2187 923 2241 vel
941 2190 1027 2260 quic-

103 2278 193 2333 quam
210 2257 296 2330 pravi
313 2255 521 2321 dedoceantur,
540 2255 586 2310 vel
603 2257 673 2309 recti
692 2257 848 2328 quicquam
872 2256 1028 2312 addiscant.

104 2332 165 2383 Vos
184 2337 294 2391 autem,
312 2334 542 2390 anonascauras,
567 2345 639 2396 quos
657 2325 733 2379 solos
751 2327 856 2379 tutelae
873 2345 953 2380 meae
971 2327 1028 2380 tiu-¹

105 2400 152 2463 xi,
169 2414 221 2450 vos
238 2413 317 2448 nnnc
336 2394 478 2467 alloquor.
513 2388 672 2466 Aliquoties
690 2395 746 2449 hoc
763 2406 967 2468 argumentum
982 2406 1029 2450 tea

104 2467 174 2538 sigi,
191 2475 224 2518 ut
241 2463 277 2518 ad
296 2465 390 2518 Orest.
407 2467 467 2518 651.
486 2473 514 2517 et
532 2463 616 2530 alias3
640 2466 760 2528 iterum,
788 2465 840 2520 ubi
868 2484 941 2540 opus
964 2467 1028 2535 erit,

105 2546 247 2590 tacturus.
283 2534 314 2588 si
331 2533 396 2606 quis
418 2534 509 2614 igitur
535 2551 670 2586 vasrnuu
695 2535 731 2588 ad
749 2545 914 2588 accuratam
932 2535 1027 2590 Grae-

106 2623 209 2659 carum
228 2603 379 2658 literarum
403 2603 555 2657 scientiam
575 2604 699 2674 aspirat,
727 2605 761 2658 is.
773 2603 956 2676 probabilem
974 2604 1029 2657 sibi

107 2684 277 2728 accentuum
297 2671 431 2726 notitiam
447 2691 535 2745 quam
553 2674 724 2727 maturrime
735 2682 892 2745 comparet,
909 2674 941 2725 10
953 2692 1027 2746 pro-

105 2745 260 2826 positoque
283 2749 404 2814 perstet,
442 2760 612 2798 scurrarum
640 2743 787 2798 dicacitate
813 2752 841 2795 et
871 2742 1029 2797 stultorum

61 2844 63 2852 ·
105 2812 240 2866 irrisione
256 2812 403 2866 immotus.
437 2816 511 2866 Nom
523 2815 581 2864 risu
595 2815 687 2881 inepto
699 2831 743 2865 res
755 2815 874 2882 ineptior
886 2814 966 2864 nulla
979 2825 1031 2865 est.-

108 2884 211 2939 Uuum
227 2880 431 2934 tantummodo
448 2883 480 2934 in
498 2884 658 2955 praesentia
676 2881 811 2936 monebo.
847 2883 1030 2952 Quicunque,

12 2974 17 2987 ⁴
108 2951 196 3021 liujus
214 2949 361 3004 doctrinae
379 2969 495 3022 expers,
521 2951 630 3005 codices
657 2953 740 3004 MSS.
759 2951 925 3005 conserendi
942 2951 1029 3005 laho-

98 3039 171 3075 rem
199 3023 368 3092 susceperit,
395 3019 419 3072 is
442 3039 578 3091 magnam
601 3031 715 3092 partem
738 3020 887 3074 fruetuum
917 3040 1031 3086 eorum,

107 3090 210 3161 quiex
228 3089 328 3143 labore
344 3107 397 3141 suo
416 3089 447 3143 in
466 3108 558 3161 remp.
573 3089 732 3143 literariarn
749 3090 911 3144 redundare
929 3101 957 3145 et
973 3110 1031 3163 po·
1075 3148 1078 3156 Δ

108 3167 206 3212 terant
223 3169 250 3212 et
266 3157 420 3222 debebant,
439 3158 648 3230 disperdiderit.
691 3159 749 3229 Qui
775 3159 850 3217 hanc
867 3161 1031 3215 doctrinam

108 3228 214 3293 nescit,
237 3227 307 3280 dum
329 3227 525 3297 ignorantiam
551 3247 632 3282 suam
658 3227 778 3283 candide
793 3228 916 3299 fatetur,
936 3228 1026 3283 insei-

108 3299 164 3350 tiae
187 3306 303 3350 tantum
324 3313 404 3364 reus,
435 3297 487 3368 qui
517 3315 605 3365 vero,
635 3298 745 3351 nescire
781 3317 842 3353 non
871 3306 1032 3360 contentus,

108 3365 290 3434 ignorantiae
314 3382 381 3418 strae
404 3374 582 3420 contemtum
606 3367 763 3438 praetexit,
793 3369 911 3439 majoris
929 3364 1031 3436 culpae

112 3433 205 3489 assuris
223 3444 273 3488 est.
306 3429 473 3507 Ἠγώνιαταί
488 3457 520 3510 ys
536 3433 607 3508 πρός
624 3433 688 3493 rods
705 3434 840 3509 dporlooos
857 3436 927 3507 ὑπὲρ
944 3441 1029 3491 Μαν-

164 3654 204 3726 [1]
222 3654 264 3707 lte
288 3653 375 3709 simili
399 3675 499 3712 errore
517 3660 548 3712 in
574 3671 691 3715 accentu
716 3640 851 3715 1011011101
881 3620 1033 3729 πεφάσθαι

200 3743 227 3781 v.
246 3724 339 3795 llcyn.
359 3723 394 3780 ad
415 3727 535 3784 Homeri
554 3728 586 3786 ll.
606 3731 630 3787 T
632 3773 638 3787 .
665 3731 712 3790 Vl.
732 3752 761 3805 p.
780 3733 841 3790 on.
872 3737 903 3785 G.
917 3733 954 3784 11.
969 3730 1010 3793 Sl
