2454 4244
869 128 882 153 l
956 126 961 137 t

386 268 697 345 MHA’E'IA.
746 270 839 339 1525.
927 363 933 375 .
1020 280 1082 351 ‘115

166 444 230 516 Ill.
260 442 374 541 χαλᾶτε
396 443 512 535 κλῇδας
541 440 584 517 αἶς
606 439 756 532 τάχιοτα,
785 441 973 531 πρόσπολοι·

163 532 289 600 ἒκλὺεθ’
310 528 450 613 donatis,
473 527 516 606 ὦς
536 533 592 594 ἴδω
615 532 743 596 διπλοῦν
763 529 882 609 κανόν’
1010 531 1016 537 ’

163 618 313 704 reticetis
333 614 512 694 θανόντας,
533 611 591 696 τήν
608 618 642 680 δὲ
664 621 796 699 eloctum
817 617 915 702 φόνῳ.

161 715 246 770 ΜΗ.
268 701 413 772 τέτασθε
441 705 536 778 κινεῖς
558 697 796 789 κὰναμοῄλεύιις
817 701 930 779 πύλας,

214 877 289 945 1514.
308 877 378 929 ΜΗ.
397 875 427 927 τί
442 869 536 928 τούσδε
555 876 637 930 κινεῖν
662 868 873 944 νιῖναμαχλεῦειι
890 867 992 944 λόγοιν,

214 1099 290 1153 1313·
306 1091 388 1165 τήνδε
403 1091 435 1148 L.
452 1097 571 1166 νιάαιμαι
587 1093 667 1164 δίκην
682 1094 763 1151 Lasc.
780 1092 848 1149 ΑΜ.
864 1097 976 1164 νίσομαι
993 1086 1076 1162 αόνῳ,

158 1167 236 1239 quod
254 1163 360 1219 habent
382 1162 417 1219 A.
443 1162 476 1218 Β.
494 1164 531 1219 Ι).
548 1162 601 1231 Fl,
620 1164 707 1218 edidit
719 1162 894 1219 Brunekius.
936 1162 1014 1217 Duas
1032 1160 1076 1212 le-

158 1237 265 1289 ctiones
290 1252 305 1286 e
327 1232 360 1287 C.
381 1233 496 1286 notavit
519 1231 656 1301 collator,
680 1231 756 1306 φόνῳ
783 1243 810 1287 et
828 1231 926 1304 φόνον,
950 1246 1075 1301 quarum

156 1322 251 1377 neque
269 1301 338 1357 haec
355 1303 565 1357 contemnenda
588 1313 638 1359 est.
672 1304 813 1426 EAdverte
830 1299 1075 1367 constructionem

155 1375 297 1426 variatam
314 1372 438 1425 transitu
455 1371 637 1444 aparticipio
655 1390 671 1426 a
708 1372 830 1426 verhum
847 1367 1075 1450 finitum3'quod

177 1443 262 1497 assim
288 1441 320 1494 fit
343 1442 373 1494 iu
397 1441 588 1512 periodorum
607 1442 744 1497 memhris
784 1460 815 1495 er
831 1443 885 1509 μὲν
901 1449 928 1494 et
946 1437 974 1493 da*
993 1437 1076 1490 suni-

153 1462 232 1573 lbsve
249 1509 428 1584 copulatiras
451 1510 566 1581 junctis.
593 1511 629 1565 V.
652 1521 715 1567 not.
735 1529 752 1566 a
790 1510 909 1580 Dionys.
927 1505 1021 1561 Italic.
1040 1505 1074 1560 de

155 1574 570 1653 Cffipmsaffiffl

107 1720 109 1725 ,
207 1678 284 1730 1514.
302 1676 348 1729 sic
364 1673 472 1727 habent
490 1688 590 1724 omnes
607 1668 671 1729 edd.
687 1682 716 1725 et
739 1671 823 1726 MSS.
846 1673 867 1726 ii
885 1681 977 1738 certe,
995 1689 1075 1743 quo·-

107 1744 115 1759 ⁹
154 1762 224 1800 rum
242 1744 392 1796 varietates
414 1748 544 1795 enotatae
563 1746 647 1804 sunm
675 1741 764 1794 etsie
789 1741 932 1814 scripsisse
955 1741 1073 1813 quidem

152 1811 342 1884 Euripidem,
365 1808 414 1863 sed
438 1824 506 1861 non·
523 1807 559 1861 ab
586 1806 684 1876 initio,
711 1809 849 1863 arbitror.
894 1810 970 1863 Citat
997 1810 1075 1862 enim

153 1881 210 1935 scri
223 1891 281 1932 ›tor
299 1877 405 1933 Christi
429 1877 565 1931 Patientis
588 1895 650 1931 uno.
674 1884 732 1934 Kal
754 1875 853 1933 τούσδε
879 1882 965 1935 κινεῖς
984 1876 1075 1933 ναὶνα-

193 1899 295 2017 xleo'sss
312 1947 423 2020 λόγους,
448 1956 476 2000 et
501 1947 607 2016 iterum
624 1948 696 2007 tto.
723 1950 757 2003 Τι’
772 1938 966 2005 volutamur
982 1945 1072 2001 noire«-

151 1960 295 2091 lldxlev‘acs
313 2016 343 2071 λό
360 2034 420 2079 ovea
436 2014 474 2068 Et
490 2030 658 2087 quanquam
676 2032 737 2085 non
755 2014 875 2071 omnino
892 2015 948 2074 mir
967 2012 1074 2089 α’δννιῖ·

152 2106 211 2142 τινα
229 2102 286 2138 esse
310 2037 532 2149 allrmaverim,
558 2082 644 2137 talelti
666 2080 838 2156 'scriptorem
862 2085 1005 2157 vulgatam
1025 2083 1070 2137 le-

150 2155 276 2209 ciionem
293 2153 325 2206 ln
343 2153 418 2207 han'c
434 2151 647 2225 metaphoram·
658 2151 832 2226 detorquere
847 2154 983 2228 potuisse,
1000 2171 1073 2228 proL

148 2221 273 2278 habilius
289 2222 435 2288 existimo,
461 2232 595 2275 nostrum
614 2222 717 2294 primo
740 2221 833 2294 λόγους
849 2225 904 2278 scri
928 2226 1002 2287 sisse,
1021 2223 1073 2277 de-

151 2290 220 2347 inde
238 2292 342 2347 duram
359 2289 481 2364 phrasin
499 2290 628 2345 emollire
645 2290 779 2362 uoluisse.
822 2292 881 2349 Nec
918 2303 1000 2349 esunt
1017 2292 1072 2346 alia

147 2366 328 2434 tegumenta,
347 2379 421 2431 quae
436 2359 511 2414 hanc
528 2354 694 2412 sententiam
709 2378 783 2432 pene
798 2379 897 2416 veram
915 2381 972 2415 esse
988 2361 1072 2415 eviu-

149 2440 228 2484 cant.
262 2428 296 2481 In
321 2428 472 2481 Heliodori
494 2427 668 2500 Aethiopicis
693 2427 714 2478 Ι.
732 2446 798 2500 pag.
818 2434 860 2484 25.
877 2429 1017 2494 Cne'mon,
1035 2429 1070 2482 de

149 2497 278 2552 fortunis
294 2498 353 2549 suis
374 2495 556 2567 aTheagene
574 2506 601 2549 et
622 2496 768 2551 Chariclen
786 2498 953 2570 importune
975 2497 1071 2550 inter-

149 2577 286 2638 rogatus,
305 2565 460 2633 exclamat,
488 2570 523 2620 Τί
544 2568 633 2621 ταῦτα
654 2571 739 2622 κινεῖς
755 2565 827 2621 advo
850 2565 984 2635 οχλεύειιῑ
1002 2563 1069 2621 τοῦ-

150 2659 183 2693 το
199 2634 232 2706 δή
249 2633 282 2690 ια’
298 2634 355 2689 ταῖν
374 2631 534 2705 τραγῳδῶν·
558 2650 644 2706 quem
663 2635 759 2688 locum
779 2654 811 2689 ex
828 2591 966 2708 lburipide
986 2652 1070 2687 sum-

149 2713 212 2761 tum
236 2704 350 2758 monuit
374 2702 502 2756 Koenius
526 2704 562 2756 ad
581 2703 753 2775 Gregorium
772 2723 838 2779 pag.
857 2710 911 2774 89,
929 2702 976 2757 sed
993 2701 1067 2755 nibil
1133 2715 1137 2722 ·

148 2775 306 2846 quicquam
324 2772 358 2826 de
375 2772 455 2824 varia
473 2769 595 2824 lectione
612 2774 771 2845 suspicatus
791 2782 843 2827 est.
878 2774 988 2826 Verum
1005 2788 1068 2825 rem

149 2860 208 2895 esse
234 2841 315 2895 omni
346 2840 536 2894 admiratione
566 2839 763 2897 dirissimam
791 2843 933 2896 fateamur
956 2857 1069 2897 necesse

150 2920 208 2976 est,
232 2910 255 2962 si
279 2910 336 2961 duo
360 2908 490 2963 homines
513 2918 573 2969 tam
618 2911 718 2984 'sparis
741 2912 862 2984 ingenii,
890 2928 978 2981 quam
1003 2910 1070 2962 sue-0

151 2987 224 3032 runt
247 2977 421 3032 Heliodorus
447 2988 475 3031 et
506 2976 819 3054 Pseudo-Gregorius,
843 2979 943 3033 iisdem
966 2976 1069 3048 tragici

151 3046 248 3099 verbis
265 3045 296 3098 in
314 3044 433 3100 eandem
451 3042 603 3119 parodiam
620 3049 816 3104 abuterentur.
858 3049 952 3102 Credo
971 3049 1069 3119 igitur,

150 3115 181 3168 in
210 3130 263 3168 suo
286 3114 401 3170 Medeae
424 3115 578 3187 exemplari
610 3118 801 3173 Heliodorum
825 3117 871 3172 rel
895 3114 992 3172 τούσδε
1016 3112 1067 3170 λό-

124 3190 213 3258 'pave
230 3182 275 3236 vel
293 3183 376 3239 ταῦτα
396 3185 449 3255 ἔπη
473 3185 623 3240 invenisse.
665 3190 744 3243 Haec
772 3188 847 3243 enim
870 3186 959 3240 rerba
984 3202 1067 3257 saepe

148 3260 370 3379 permutantur,
395 3253 561 3324 quomodo,
584 3274 621 3309 ne
646 3258 731 3329 longe
751 3257 865 3323 abeam,
891 3256 968 3311 infra
990 3256 1066 3309 1401.

167 3319 228 3393 dyoc
245 3320 323 3374 Lasc.
341 3321 406 3375 Ald.
425 3322 476 3375 ubi
493 3340 526 3376 ex
544 3326 577 3376 A.
596 3326 630 3380 Β.
649 3327 687 3382 D.
707 3325 748 3394 (ὃ
762 3329 826 3384 ἔπος
851 3325 902 3394 A.)
920 3327 985 3380 taos
1004 3323 1066 3376 edi-

150 3391 193 3445 dit
211 3386 402 3461 llllusgravius.
429 3391 547 3445 Notum·
562 3403 621 3460 ests
639 3394 860 3468 Aristophanem
878 3395 908 3446 in
925 3390 1068 3457 Nubibus,

149 3461 221 3514 dum
237 3460 383 3514 Socratem
401 3460 573 3530 insectatur,
597 3480 658 3516 nou
685 3466 781 3518 minus
806 3464 906 3518 acerbe
929 3464 960 3516 in
977 3461 1067 3515 Euri-

148 3528 244 3601 pidem
262 3528 384 3595 inuehi.¹
406 3529 563 3600 Postquam
581 3531 669 3603 igitur
692 3533 876 3608 Phidippides
894 3551 927 3586 ex
944 3530 1065 3603 Euripi-

148 3599 192 3651 dis
208 3598 298 3652 Aeolo
316 3599 436 3655 incestos
447 3616 565 3661 amores
587 3601 705 3668 cecinit,
722 3613 758 3669 et,-
776 3623 793 3658 a
833 3612 892 3655 atre
910 3608 1067 3661 accusatus,

150 3685 179 3722 se
199 3666 347 3722 defendere
363 3677 460 3742 parat,
484 3686 549 3722 eum
566 3671 606 3724 sic
622 3670 757 3725 hortatur
780 3623 893 3726 Chlorus
914 3673 989 3742 1599.
1009 3665 1066 3723 Σόν

685 3745 756 3809 Ην
