2454 4244
360 302 668 365 MHAEIA.
714 315 745 358 υ.

89 471 218 576 Κόλχων
239 474 271 548 ἐς
292 470 383 546 αἶαν,
405 467 538 544 κυακιάς
556 462 798 551 Συμπληγάδας,

87 557 151 646 μὴδ
179 563 211 626 ἔκ
233 554 366 624 νάπαισι
387 559 513 634 Πηλίου
535 557 637 619 πεσεῖν
669 578 742 619 ποτε

87 648 242 729 τμηθεῖσα
263 641 383 720 πεύκη,
415 635 487 723 μήδ’
509 640 683 728 ἓρετμαῖσαι
704 641 799 726 χέρα,1
994 722 1008 741 Γ

87 733 210 822 &eisaie
232 726 389 814 οἷρίοτσιυ,
414 736 448 792 οἳ
464 726 502 794 ιδ
523 724 706 813 πάγχρυσον
727 730 817 809 δέρος
989 744 1009 785 ὀ

88 953 159 1019 σοῖν,
182 955 211 1008 οἳ
233 957 280 1006 καὶ
303 947 451 1019 κακοήθως
479 944 714 1021 ἀποδιδράσκουσι
742 944 793 1003 τόν
814 943 1009 1031 τἴλιγχσκπῆι

84 1023 229 1092 ἀμαθίας,
247 1016 288 1089 σιξ
310 1017 491 1094 καταφιῦγειν
509 1019 557 1075 ἐπὶ
579 1019 631 1090 τήν
647 1015 786 1088 λοιδορίαι
803 1036 843 1071 ων
868 1013 1008 1087 ἠγνοηκυ-

86 1114 141 1148 σιυ.
178 1089 317 1167 synesius
334 1089 422 1143 Dion.
439 1108 471 1161 p.
489 1091 533 1143 54.
552 1088 587 1142 Β.

136 1211 163 1262 5.
181 1207 251 1262 ποτὲ
272 1205 357 1261 habet
378 1204 411 1259 L.
428 1207 542 1268 rectius,
561 1218 589 1260 et
606 1204 760 1259 infra‘560.
776 1201 841 1274 μήδ’
858 1203 943 1256 etiam
962 1180 1031 1255 hic·¹

86 1286 113 1328 et
129 1280 155 1330 4.
173 1275 206 1330 L.
224 1276 289 1330 Ald.
308 1286 341 1329 ut
361 1277 449 1343 edidi;
468 1278 571 1331 melius
589 1276 709 1330 fortasse
732 1290 819 1346 quam
839 1274 917 1346 quod
940 1272 1008 1326 alibi

86 1363 201 1399 manere
218 1364 318 1418 passus
336 1365 410 1414 sum,
427 1346 504 1419 μηδ’.

139 1449 166 1499 4.
184 1453 259 1516 χέρες
283 1448 411 1519 praefert
438 1447 623 1519 Musgratius
646 1466 678 1500 ex
702 1445 833 1517 margine
850 1444 911 1498 MS.
930 1446 1007 1498 2816.
1037 1440 1040 1446 ’

85 1514 194 1583 (voluit
209 1517 330 1570 i'ortasse
349 1521 427 1574 2818.
452 1534 539 1589 quem
564 1516 632 1569 alias
658 1517 695 1570 D.
720 1526 812 1568 vocat.
849 1512 1009 1597 Consundit
1096 1552 1099 1557 .

84 1584 233 1654 ἔριτμῆσαι
251 1596 279 1639 et
295 1586 460 1656 ἐριτμσῖσαι.
495 1585 663 1654 Ἐρειμῆοαι
681 1592 722 1638 e'st
739 1583 906 1655 simpiciter
924 1584 1009 1634 remi·
1092 1650 1096 1659 Ι

82 1672 169 1724 gam
184 1653 339 1724 ἐρετμσῖσαι
356 1658 492 1724 remigare
515 1673 623 1722 cogere,
645 1657 758 1724 remigio
776 1653 926 1721 applicare.
944 1652 1008 1702 He·

83 1720 181 1792 sychio
208 1741 223 1776 e
246 1723 370 1792 Tragico
394 1723 511 1775 Lexic0:
537 1718 716 1787 Ἐρετμοῖσαα
740 1717 846 1774 κώπαις
872 1717 1008 1791 σῖρμόοαι·

83 1791 164 1862 quod
186 1788 246 1843 huc
268 1790 341 1842 bene
367 1789 479 1842 rettulit
502 1787 687 1838 Abreschius.
737 1786 925 1856 Compararit
949 1790 1009 1836 Or-

50 1860 55 1871 '
85 1857 193 1929 pheum
211 1860 272 1912 556.
290 1862 389 1924 κεῖραι·
399 1853 602 1923 ἐρημώσαντες
624 1849 814 1906 Ruimlicnius
832 1853 923 1924 Epist.
938 1852 1031 1927 crin
1096 1863 1100 1873 “

82 1946 114 1996 p.
132 1931 193 1980 241.
211 1924 255 1978 ed.
273 1942 343 1977 nov·
361 1921 426 1993 μήτ’
443 1922 543 1976 mallet
558 1920 734 1976 Brunckius.

137 2043 163 2095 5.
189 2036 300 2109 ἀνδρῶν
330 2037 459 2110 ἀρίστου.
508 2039 554 2094 Sic
584 2038 682 2092 vocari
712 2055 796 2119 posse
820 2040 1005 2110 Argonautas

87 2125 173 2161 nemo
194 2109 284 2161 nescit
308 2119 358 2161 aut
381 2121 475 2181 negat.
525 2105 580 2161 Sed
609 2107 719 2179 potiorl
744 2109 807 2178 jure
833 2120 1007 2180 expectasses

82 2176 229 2250 epitheton
251 2177 423 2258 proprium,
452 2175 531 2251 quod
554 2177 585 2230 in
610 2195 658 2231 eos
682 2176 757 2231 solos
786 2177 913 2244 caderet,
937 2178 1003 2248 α’ρι-

80 2246 342 2318 oeeoe*)sc11icet,
361 2265 420 2318 quo
440 2247 559 2304 nominc
577 2246 689 2317 quoties
708 2265 724 2300 a
741 2249 834 2320 poetis
852 2249 1004 2321 appellen·
1087 2296 1092 2309 ,

119 2451 161 2522 Ρ)
179 2449 214 2504 In
240 2449 315 2504 idem
345 2450 446 2504 incidit
475 2452 521 2503 vir
541 2450 678 2522 optimus,
703 2450 785 2505 cuius
804 2448 1006 2521 παραδιορθώ-

153 2539 208 2576 σεις
230 2537 296 2578 cum
314 2519 408 2587 toties,
435 2522 606 2592 saepiusque
629 2518 759 2574 acerbius
777 2538 866 2591 quam
883 2538 900 2571 0
924 2531 1005 2573 orte-

151 2589 202 2642 bat
219 2589 435 2659 exagitaverim,
459 2590 585 2642 eiusdem
602 2587 823 2656 κατορθώματα,
842 2539 933 2642 sicuiii
953 2607 1006 2641 oc-

152 2657 228 2711 casio
253 2657 339 2720 seret‚
366 2659 484 2712 candide
509 2657 648 2712 laudabo:
677 2659 701 2712 si
728 2660 803 2711 forte
835 2676 1016 2727 generosam.

119 2772 122 2777 .
151 2728 279 2783 animam
302 2726 418 2797 placare
444 2726 514 2780 mihi
539 2729 656 2800 possim.
701 2728 769 2794 „Ex
799 2727 1004 2785 consuetudine

151 2797 343 2868 scriptorum,
370 2795 445 2849 hanc
468 2816 530 2851 rem
552 2797 755 2863 tractantium,
787 2796 1004 2851 rescribendum

152 2865 216 2916 dico
244 2885 389 2934 αριστιωυ,
419 2882 475 2937 pro
504 2885 638 2959 αριστων·
670 2877 698 2920 et
727 2885 812 2938 aegre
834 2868 957 2938 negites,
981 2871 1012 2920 si·

153 2933 285 2986 consules
304 2932 366 3005 Iph.
385 2934 453 2987 Aul.
472 2937 514 2989 28.
533 2937 620 2990 Hom.
639 2937 694 2990 Od.
710 2940 741 2995 Ξ.
760 2938 821 2989 218.
840 2938 897 3007 Ap.
911 2935 1004 2989 Rhod.

153 3001 188 3054 ΙΙ.
207 3002 268 3055 460.
283 3004 343 3072 960.
360 3001 482 3058 Theocr.
503 3004 576 3056 Xllt.
597 3025 638 3074 17.
656 3005 746 3057 XXII.
766 3025 808 3076 99.
825 3023 892 3058 cum
911 3005 1017 3078 Orph-

153 3071 225 3150 Aeg.
251 3089 308 3126 111.
337 3072 421 3127 563.“
447 3074 483 3128 G.
510 3072 679 3128 Wakefield
707 3075 742 3128 ad
774 3072 844 3127 calc.
867 3076 1002 3129 Lucretii.

152 3137 300 3193 Diodorus
317 3139 373 3194 Sic.
393 3141 441 3196 IV.
460 3161 485 3195 c.
504 3145 547 3197 54.
564 3146 705 3216 παρέλαβε
723 3142 840 3200 πολλοὺς
864 3144 920 3200 τῶν
937 3144 1004 3214 αἶρέ·

151 3227 233 3288 στου.
251 3208 297 3260 ΑΙ.
316 3208 458 3278 α’ριστέισν.
478 3212 557 3283 quod
572 3212 672 3267 vellem
687 3213 898 3285 Wesselingius
913 3233 1004 3286 prae·

152 3275 271 3329 tulisset.
289 3276 360 3332 Ibid.
374 3300 398 3334 c.
411 3285 454 3335 44.
471 3291 543 3334 extr.
557 3287 754 3351 συστρατεῦσαι
764 3285 821 3340 τοῖς
835 3282 1001 3351 detondere.

151 3345 204 3398 uhi
226 3348 295 3400 item
318 3349 432 3416 turbam
459 3370 529 3406 nam
546 3351 583 3405 al.
602 3350 801 3421 α’ριστεῦσασιν.
837 3354 1001 3426 Tantopere

154 3434 210 3468 vox
232 3417 369 3470 innocens
386 3418 521 3474 librarios
534 3421 665 3475 offendit.
682 3451 717 3464 ·-
734 3423 812 3476 Hace
828 3425 1001 3496 scripseram

151 3484 183 3537 in
201 3484 291 3539 altera
309 3487 430 3542 editione
447 3489 525 3563 Lips.
549 3510 674 3573 cumque
698 3491 801 3562 sigium
828 3499 857 3546 S.
876 3493 1008 3546 addidis-.

152 3572 229 3621 sem,
254 3573 315 3609 non
360 3556 477 3614 utabam
500 3560 562 3613 sore
586 3581 636 3633 qur
661 3579 716 3630 pre
744 3562 930 3615 Porsenianis
948 3561 1002 3615 ha·

151 3622 246 3679 beret:
275 3576 357 3698 quod
372 3637 482 3695 tamen,
507 3630 594 3702 idque
612 3631 641 3683 in
661 3633 722 3701 ipsa
741 3633 864 3695 Anatis,
890 3631 1001 3686 accidit.

141 3692 263 3770 ‘Subrisi
289 3714 389 3751 errore
413 3699 543 3771 cognito,
574 3699 753 3774 paulumque
784 3676 929 3769 dubitavi,
963 3718 1001 3754 an
